@book{pepall_industrial_2014,
	address = {Hoboken, NJ},
	edition = {Fifth edition},
	title = {Industrial organization: contemporary theory and empirical applications},
	isbn = {978-1-118-25030-3},
	shorttitle = {Industrial organization},
	publisher = {Wiley},
	author = {Pepall, Lynne and Richards, Daniel Jay and Norman, George},
	year = {2014},
	keywords = {Industrial organization},
}


@article{michalsen_naeringsokonomi_nodate,
	title = {Næringsøkonomi og konkurransestrategi},
	language = {no},
	author = {Michalsen, Anita},
	file = {Michalsen - Næringsøkonomi og konkurransestrategi.pdf:C\:\\Users\\danie\\Zotero\\storage\\XPPZRYPU\\Michalsen - Næringsøkonomi og konkurransestrategi.pdf:application/pdf},
}
